@incollection{Aggarwal2016,
	author="Aggarwal, Charu C.",
	title="An Introduction to Recommender Systems",
	bookTitle="Recommender Systems: The Textbook",
	year="2016",
	publisher="Springer International Publishing",
	address="Cham",
	pages="1--28",
	abstract="The increasing importance of the Web as a medium for electronic and business transactions has served as a driving force for the development of recommender systems technology. An important catalyst in this regard is the ease with which the Web enables users to provide feedback about their likes or dislikes. For example, consider a scenario of a content provider such as Netflix. In such cases, users are able to easily provide feedback with a simple click of a mouse. A typical methodology to provide feedback is in the form of ratings, in which users select numerical values from a specific evaluation system (e.g., five-star rating system) that specify their likes and dislikes of various items.",
	isbn="978-3-319-29659-3",
	doi="10.1007/978-3-319-29659-3_1",
	url="https://doi.org/10.1007/978-3-319-29659-3_1"
}

@article{GARCIA-RODRIGUEZ2008,
	author = "García-Rodríguez Alejo and Peracho Víctor and Villalbí Joan R. and Bouis Susana and Duràn Julia and Guix Joan",
	title = "Avances en la gestión de un centro de acogida de animales de compañía",
	publisher = "Scielo",
	year = "2008",
	isbn = "",
	note = "",
	pages = "76--78",
	doi = "10.1157/13115116",
}

@article{RECMVZ16221,
	author  = "Alves, Ana and Guilloux, Aline and Zetun, Carolina and  Polo, Gina and  Braga, Guilherme and  Panachão, Ligia and  Santos, Oswaldo and  Dias, Ricardo",
	title   = "Abandono de cães na América Latina: revisão de literatura",
	year    = "2013",
	journal = " Revista de Educação Continuada em Medicina Veterinária e Zootecnia do CRMV-SP",
	volume  = "11",
	DOI = "https://doi.org/10.36440/recmvz.v11i2.16221",
	pages   = "34--41",
}

@online{ASPCAPRO,
	author = "ASPCA",
	title = "Meet Your Match Pet Adoption Program",
	year = "",
	url = "https://www.aspcapro.org/resource/meet-your-match-pet-adoption-program",
}

@inproceedings{Jason:2012,
	author = {Al-bashiri, Hael and Abdulgabber, Mansoor Abdullateef and Romli, Awanis and Hujainah, Fadhl},
	title = {Collaborative Filtering Similarity Measures: Revisiting},
	year = {2017},
	isbn = {9781450352956},
	publisher = {Association for Computing Machinery},
	address = {New York, NY, USA},
	url = {https://doi.org/10.1145/3133264.3133299},
	doi = {10.1145/3133264.3133299},
	booktitle = {Proceedings of the International Conference on Advances in Image Processing},
	pages = {195–200},
	numpages = {6},
	keywords = {Similarity Measurer, Recommendation System, Collaborative Filtering},
	location = {Bangkok, Thailand},
	series = {ICAIP 2017}
}

@article{Burke:2007,
	author = "Burke, Robin",
	title = "Hybrid Recommender Systems: Survey and Experiments",
	journal = "User Modeling and User-Adapted Interaction",
	issue_date = "November 2002",
	volume = "12",
	number = "4",
	month = "11",
	year = "2002",
	issn = "0924-1868",
	pages = "331--370",
	numpages = "40",
	doi = 10.1023/A:1021240730564,
	acmid = "586352",
	publisher = "Kluwer Academic Publishers",
	address = "Hingham, MA, USA"
}

@article{s22186759,
	author = {Cheng, Wai Khuen and Leong, Wai Chun and Tan, Joi San and Hong, Zeng-Wei and Chen, Yen-Lin},
	title = {Affective Recommender System for Pet Social Network},
	journal = {Sensors},
	volume = {22},
	year = {2022},
	number = {18},
	article-number = {6759},
	url = {https://www.mdpi.com/1424-8220/22/18/6759},
	pubmedid = {36146109},
	issn = {1424-8220},
	doi = {10.3390/s22186759}
}

@article{Chyan2020,
	author = {Chyan, Phie},
	doi = {10.25046/aj050520},
	file = {:D$\backslash$:/ASTESJ/ASTESJ{\_}050520.pdf:pdf},
	journal = {Advances in Science, Technology and Engineering Systems Journal},
	number = {5},
	pages = {148--153},
	title = {{Design of Purebred Dog Recommendation System Using MCDM Approach}},
	volume = {5},
	year = {2020}
}

@article{Queiroz:2019:DCC,
	title = {Personalizing the Top-k Spatial Keyword Preference Query with textual classifiers},
	journal = {Expert Systems with Applications},
	volume = {162},
	pages = {113841},
	year = {2020},
	issn = {0957-4174},
	doi = {https://doi.org/10.1016/j.eswa.2020.113841},
	url = {https://www.sciencedirect.com/science/article/pii/S0957417420306503},
	author = {Joao Paulo {Dias de Almeida} and Frederico Araujo Durao},
	keywords = {Spatial data, Query personalization, Textual classifiers, Reviews, User profile}
}

@online{Today,
	author = "Amy Eley",
	title = "Lost and found: App uses facial recognition technology to find missing pets",
	year = "2014",
	url = "https://www.today.com/style/lost-found-app-uses-facial-recognition-technology-find-missing-pets-2d79501254",
	urldate = "2023-04-13"
}

@misc{G1CE:2019,
	author  = "Lucas Falconery",
	title   = "Cães e gatos adotados em Fortaleza recebem microchips para evitar abandono",
	year    = "2019",
	journal = "",
	volume  = "",
	number  = "",
	pages   = "",
	publisher = "G1-CE",
	url = "https://g1.globo.com/ce/ceara/noticia/2019/07/29/caes-e-gatos-adotados-em-fortaleza-recebem-microchips-/para-evitar-abandono.ghtml",
}

@misc{FAPESP:2017,
	author  = "FAPESP",
	title   = "Aplicativo utiliza visão computacional para identificar animais perdidos",
	year    = "2017",
	journal = "",
	volume  = "",
	number  = "",
	pages   = "",
	publisher = "FAPESP",
	url = "http://pesquisaparainovacao.fapesp.br/aplicativo_utiliza_visao_computacional_para_identificar_animais_perdidos/463",
}

@online{ColeiraQRCODE,
	author = "FurCode",
	title = "",
	year = "",
	url = "https://www.pethub.com/furcode",
}

@online{TheVerge,
	author = "Natt Garun",
	title = "A Chinese AI startup is tracking lost dogs using their nose prints",
	year = "2019",
	url = "https://www.theverge.com/2019/7/13/20693064/megvii-chinese-ai-facial-recognition-lost-pets-dogs-cats-surveillance",
	urldate = "2023-04-13"
}

@article{Goldberg:1992:UCF:138859.138867,
	author 		= "Goldberg, David and Nichols, David and Oki, Brian M. and Terry, Douglas",
	title 		= "Using Collaborative Filtering to Weave an Information Tapestry",
	journal 	= "Commun. ACM",
	issue_date 	= "Dec. 1992",
	volume 		= "35",
	number 		= "12",
	month 		= "12",
	year 		= "1992",
	issn 		= "0001-0782",
	pages 		= "61--70",
	numpages ="10",
	url 		= "http://doi.acm.org/10.1145/138859.138867",
	doi 		= "10.1145/138859.138867",
	acmid 		= "138867",
	publisher 	= "ACM",
	address 	= "New York, NY, USA",
	keywords 	= "information filtering, tapestry",
}
@thesis{Gomes,
	author = {Gomes, Caroline Cavalcante Maia},
	title = {{Guarda responsável de animais de companhia: um estudo sobre a responsabilidade civil dos proprietários e a entrega de cães e gatos na Diretoria de Vigilância Ambiental do Distrito Federal}},
	year = {2013},
	url = {http://bdm.unb.br/handle/10483/5985},
	urldate = {2022-05-22}
}

@article{Herlocker:2004:ECF:963770.963772,
	author = "Herlocker, Jonathan L. and Konstan, Joseph A. and Terveen, Loren G. and Riedl, John T.",
	title = "Evaluating Collaborative Filtering Recommender Systems",
	journal = "ACM Trans. Inf. Syst.",
	issue_date = "January 2004",
	volume = "22",
	number = "1",
	month = "1",
	year = "2004",
	issn = "1046-8188",
	pages = "5--53",
	numpages = "49",
	url = "http://doi.acm.org/10.1145/963770.963772",
	doi = "10.1145/963770.963772",
	acmid = "963772",
	publisher = "ACM",
	address = "New York, NY, USA",
	keywords = "Collaborative filtering, evaluation, metrics, recommender systems",
}

@online{IAMS,
	author = "",
	title = "IAMS",
	year = "",
	url = "https://www.iams.com/dog-breed-selector",
}

@misc{IBOPE,
	author = {IBOPE},
	title = {Au.Dote},
	year = {2015},
	url = "{http://www.ibopeinteligencia.com/noticias-e-pesquisas/pesquisa-traca-o-perfil-dos-proprietarios-de-pets-no-bra/sil/}",
	howpublished = "Disponível em: \url{http://www.ibopeinteligencia.com/noticias-e-pesquisas/pesquisa-traca-o-perfil-dos-proprietarios-de-pets-no-bra/sil/}",
	note = "[Último acesso em 22 de maio de 2022]"
}

@inproceedings{10.1145/3384613.3384656,
	author = {Jeyaraj, Pradeepa and Aponso, Achala},
	title = {A Review of Techniques for Image Classification to Enhance Online Animal Adoption Speed},
	year = {2020},
	isbn = {9781450376785},
	publisher = {Association for Computing Machinery},
	address = {New York, NY, USA},
	url = {https://doi.org/10.1145/3384613.3384656},
	doi = {10.1145/3384613.3384656},
	booktitle = {Proceedings of the 2020 12th International Conference on Computer and Automation Engineering},
	pages = {114–118},
	numpages = {5},
	keywords = {Image Classification, Random Forest, Transfer Learning, Stray animals, Online adoptions, SVM, CNN, KNN},
	location = {Sydney, NSW, Australia},
	series = {ICCAE 2020}
}

@article{aipet,
	title={AI-Based Pet Adoption System},
	author={Kajbaje, Sumit and Sawant, Rohit and Patil, Ronit Loke3 Vishwajeet},
	publisher = {International Research Journal of Engineering and Technology (IRJET)},
	issn = {2395-0056},
	year = {2022},
	url = {https://www.irjet.net/archives/V9/i4/IRJET-V9I4298.pdf}
}

@article{canaltech:2020,
	author = {Karam, Orlando and Halstead-Nussloch, Richard},
	title = {Introducton to Android Development},
	year = {2012},
	issue_date = {December 2012},
	publisher = {Consortium for Computing Sciences in Colleges},
	address = {Evansville, IN, USA},
	volume = {28},
	number = {2},
	issn = {1937-4771},
	journal = {J. Comput. Sci. Coll.},
	month = {10},
	pages = {224},
	numpages = {1}
}

@inproceedings{daSilva:2019,
	author = {Konstan, Joseph A.},
	title = {Introduction to Recommender Systems},
	year = {2008},
	isbn = {9781605581026},
	publisher = {Association for Computing Machinery},
	address = {New York, NY, USA},
	url = {https://doi.org/10.1145/1376616.1376776},
	doi = {10.1145/1376616.1376776},
	booktitle = {Proceedings of the 2008 ACM SIGMOD International Conference on Management of Data},
	pages = {1373–1374},
	numpages = {2},
	keywords = {collaborative filtering, recommender systems},
	location = {Vancouver, Canada},
	series = {SIGMOD '08}
}

@inbook{Lops:2011,
	title = "Content-based recommender systems: State of the art and trends. In F. Ricci, L. Rokach, B. Shapira, and P. B. Kantor, editors, Recommender Systems Handbook",
	publisher = "Springer US",
	pages = "73--105",
	year = "2011",
	author = "Lops, P. and de Gemmis, M. and Semeraro, G.",
	isbn = "978-0-387-85820-3",
	doi = "10.1007/978-0-387-85820-3_3",
}

@inbook{TypeScript:2018,
	author = {Maharry, Dan},
	year = {2013},
	month = {01},
	pages = {1-26},
	title = {Getting Up to Speed with TypeScript},
	isbn = {978-1-4302-5725-7},
	doi = {10.1007/978-1-4302-5726-4_1}
}

@thesis{Matos,
  author = {Matos, Liziane Gonçalves de},
  title = {{Quando a ajuda é animalitária : um estudo antropológico sobre sensibilidades e moralidades envolvidas no cuidado e proteção de animais abandonados a partir de Porto Alegre-RS}},
  year = {2012},
  url = {http://hdl.handle.net/10183/56016},
  urldate = {2022-05-22}
}

@misc{portalDog,
	title = "Sem raça definida",
	author = "Metrópoles",
	publisher = "Metrópoles - Portal do Dog",
	year = "2020",
	url = "https://www.portaldodog.com.br/cachorros/racas-cachorros/sem-raca-definida-srd/",
	note = "Último acesso em 22 de maio de 2022",
}

@misc{Mladenic:1999,
	title = "Text-learning and related intelligent agents: A survey",
	author = "Mladenic, D",
	publisher = "IEEE Intelligent Systems",
	year = "1999",
	page = "44-54",
	url = "https://ieeexplore.ieee.org/document/784084",
	note = "Último acesso em 22 de maio de 2022"
}

@online{Nahra,
	author = {Nahra, Alessandra},
	title = {{Tecnologia e adoção de animais}},
	year = {2015},
	url = {http://www.saiba-mais.com/2015/07/23/tecnologia-e-adocao-de-animais/}
}

@misc{RocketseatFirebase,
	author = "Claudio Orlandi",
	title = "Firebase: serviços, vantagens, quando utilizar e integrações",
	booktitle = "",
	publisher = "",
	year = "2019",
	isbn = "",
	issn = "",
	pages = "",
	doi = "",
	url = "https://blog.rocketseat.com.br/firebase/",
	note = "Último acesso em 22 de maio de 2022",
}

@misc{Tecmundo:2022,
	author  = "Gabriela Pederneiras",
	title   = "App chinês usa reconhecimento facial para identificar animais perdidos",
	year    = "2022",
	journal = "",
	volume  = "",
	number  = "",
	pages   = "",
	publisher = "Tecmundo",
	url = "https://www.tecmundo.com.br/software/143909-app-chines-usa-reconhecimento-facial-identificar/-animais-perdidos.htm",
}

@online{petfinderdogsforadotion,
	author = {PRODUITS NESTLÉ S.A., Société des},
	title = {Dogs for adotion},
	url = {https://www.petfinder.com/search/dogs-for-adoption/?sort%5B0%5D=recently_added},
	urldate = {2023-04-13}
}

@article{MYM:2017,
	title={Adoption and relinquishment interventions at the animal shelter: a review},
	volume={26},
	DOI={10.7120/09627286.26.1.035},
	number={1},
	journal={Animal Welfare},
	author={Protopopova, A and Gunter, LM},
	year={2017},
	pages={35–48}
}

@article{Resnick:1997:RS:245108.245121,
	author = "Resnick, Paul and Varian, Hal R.",
	title = "Recommender Systems",
	journal = "Commun. ACM",
	issue_date = "March 1997",
	volume = "40",
	number = "3",
	month = "3",
	year = "1997",
	issn = "0001-0782",
	pages = "56--58",
	numpages = "3",
	url = "http://doi.acm.org/10.1145/245108.245121",
	doi = "10.1145/245108.245121",
	acmid = "245121",
	publisher = "ACM",
	address = "New York, NY, USA",
}
   
@inbook{Ricci2011,
	author  = "Ricci, Francesco and Rokach, Lior and Shapira, Bracha",
	title   = "Introduction to Recommender Systems Handbook",
	year    = "2011",
	journal = "",
	volume  = "",
	number  = "",
	pages   = "1--35",
	isbn = "978-0-387-85820-3",
	publisher = "Springer US",
	doi = "10.1007/978-0-387-85820-3_1",
}

@inproceedings{Campello:2010,
	author = {Saleem, Asma and Asif, Khadim Hussain and Ali, Ahmad and Awan, Shahid Mahmood and Alghamdi, Mohammed A.},
	title = {Pre-Processing Methods of Data Mining},
	year = {2014},
	isbn = {9781479978816},
	publisher = {IEEE Computer Society},
	address = {USA},
	url = {https://doi.org/10.1109/UCC.2014.57},
	doi = {10.1109/UCC.2014.57},
	booktitle = {Proceedings of the 2014 IEEE/ACM 7th International Conference on Utility and Cloud Computing},
	pages = {451–456},
	numpages = {6},
	keywords = {missing values, data mining, data pre-processing, outliers},
	series = {UCC '14}
}

@misc{Silva:2019,
	title = "Ouvido musical: explorando metadados em um sistema de recomendação de músicas",
	author = "Silva, Diego Corrêa da",
	publisher = "RI UFBA",
	year = "2019",
	doi = {10.13140/RG.2.2.26829.56800},
	url = "http://repositorio.ufba.br/ri/handle/ri/29739",
	note = "Último acesso em 22 de maio de 2022",
}

@article{de2021pet,
	title={PET WORLD: Algoritmos de recomenda{\c{c}}{\~o}es aplicados no mundo animal},
	author={de Siqueira Santos, Matheus Gallo and da Silva Garcia, Alisson Andrey and da Mata Reis, Andr{\'e} and Junior, Mauricio Moreira},
	journal={RE3C-Revista Eletr{\^o}nica Cient{\'\i}fica de Ci{\^e}ncia da Computa{\c{c}}{\~a}o},
	volume={16},
	number={1},
	year={2021}
}

@article{foodDog,
	author = {Song, Hee Seok and Kim, Young Ae},
	title = {A dog food recommendation system based on nutrient suitability},
	journal = {Expert Systems},
	volume = {38},
	number = {2},
	pages = {e12623},
	keywords = {content-based recommendation, dog food, nutrient profiling, pet food, recommender},
	doi = {https://doi.org/10.1111/exsy.12623},
	year = {2021}
}

@inproceedings{souza2022fugapet,
	author = {Francisco Souza and Elio Costa and Alexandre Matinelli and Lincoln Costa and Alinne Souza},
	title = {FugaPet-Rotas: Um algoritmo inteligente para recomendação de rotas visando buscar animais desaparecidos},
	booktitle = {Anais da VI Escola Regional de Engenharia de Software},
	location = {Blumenau},
	year = {2022},
	keywords = {},
	issn = {0000-0000},
	pages = {199--208},
	publisher = {SBC},
	address = {Porto Alegre, RS, Brasil},
	doi = {10.5753/eres.2022.227993},
	url = {https://sol.sbc.org.br/index.php/eres/article/view/22387}
}

@inbook{Stafford2007,
	author  = "Stafford, Kevin",
	title   = "The Welfare of Dogs",
	year    = "2007",
	isbn = "9781402043611",
	journal = "",
	volume  = "",
	number  = "",
	pages   = "",
}
    
@inproceedings{webmedia_estendido,
	author={Tozzi, Tatiana and Anderle, Daniel Fernando and Nogueira, Rodrigo Ramos},
	title={Levantamento de tecnologias para ONGs de Prote{\c{c}}{\~a}o Animal para apoio ao resgate de animais dom{\'e}sticos acoplados ao ciclo de vida de um Sistema Web},
	booktitle={Anais Estendidos do XXIV Simp{\'o}sio Brasileiro de Sistemas Multim{\'\i}dia e Web},
	publisher={SBC},
	issn={2596-1683},
	pages={81--84},
	year={2018},
	doi={10.5753/webmedia.2018.4574},
	url={https://sol.sbc.org.br/index.php/webmedia_estendido/article/view/4063}
}

@article{Weng:2006,
	title = {Risk factors for unsuccessful dog ownership: An epidemiologic study in Taiwan},
	journal = {Preventive Veterinary Medicine},
	volume = {77},
	number = {1},
	pages = {82-95},
	year = {2006},
	issn = {0167-5877},
	doi = {https://doi.org/10.1016/j.prevetmed.2006.06.004},
	url = {https://www.sciencedirect.com/science/article/pii/S0167587706001425},
	author = {Hsin-Yi Weng and Philip H. Kass and Lynette A. Hart and Bruno B. Chomel},
	keywords = {Dogs, Overpopulation, Relinquishment, Pet ownership, Human–Animal bond, Taiwan},
	abstract = {This retrospective study of 259 Taiwanese dog owners in 2004 addressed one of the major contributors to dog overpopulation in Taiwan: unsuccessful dog ownership. We found an inverse association between age of the dog at acquisition and risk of unsuccessful dog ownership: the younger the dog at acquisition the higher the risk. The incidence-proportion ratios (IPRs) of unsuccessful dog ownership for the owners who had a history of pet abandonment or losing a pet compared with those without such a history were 1.8 (95% confidence interval (CI)=1.1, 3.0) and 2.1 (95% CI=1.3, 3.3), respectively. Soiling (IPR=2.0, 95% CI=1.3, 3.1) and barking (IPR=1.6, 95% CI=1.0, 2.6) problems had the strongest effects on unsuccessful dog ownership among the post-acquisition variables studied. Preventing owners with a history of unsuccessful dog ownership from acquiring dogs was predicted to yield the largest reduction of risk of unsuccessful dog ownership among the investigated variables (population attributable fraction=33%, 95% CI=11%, 50%).}
}

@article{Azevedo:2018,
	author = {Zangerle, Eva and Bauer, Christine},
	title = {Evaluating Recommender Systems: Survey and Framework},
	year = {2022},
	issue_date = {August 2023},
	publisher = {Association for Computing Machinery},
	address = {New York, NY, USA},
	volume = {55},
	number = {8},
	issn = {0360-0300},
	url = {https://doi.org/10.1145/3556536},
	doi = {10.1145/3556536},
	journal = {ACM Comput. Surv.},
	month = {10},
	articleno = {170},
	numpages = {38},
	keywords = {Survey, FEVR, Framework for EValuating Recommender systems}
}

@article{Zhang2019,
	author = {Zhang, Shuai and Yao, Lina and Sun, Aixin and Tay, Yi},
	title = {Deep Learning Based Recommender System: A Survey and New Perspectives},
	year = {2019},
	issue_date = {January 2020},
	publisher = {Association for Computing Machinery},
	address = {New York, NY, USA},
	volume = {52},
	number = {1},
	issn = {0360-0300},
	url = {https://doi.org/10.1145/3285029},
	doi = {10.1145/3285029},
	journal = {ACM Comput. Surv.},
	month = {02},
	articleno = {5},
	numpages = {38},
	keywords = {deep learning, Recommender system, survey}
}
